@misc{w:tcp,
    author    = {Wikypedia},
    title     = {Transmission Control Protocol},
    url       = {https://en.wikipedia.org/wiki/Transmission_Control_Protocol}
}

@misc{ol:hyperlinks,
  author       = {Overleaf},
  title        = {Hyperlinks},
  url          = {https://www.overleaf.com/learn/latex/hyperlinks}
}

@misc{ol:overfull_box,
  author       = {Overleaf},
  title        = {Understanding underfull and overfull box warnings},
  url          = {https://www.overleaf.com/learn/how-to/Understanding_underfull_and_overfull_box_warnings}
}

@misc{ol:bibliography_styles,
  author       = {Overleaf},
  title        = {Bibtex bibliography styles},
  url          = {https://www.overleaf.com/learn/latex/bibtex_bibliography_styles}
}

@misc{ol:using_bibliographies,
  author       = {Overleaf},
  title        = {Using Bibliographies},
  url          = {https://www.overleaf.com/learn/how-to/Using_bibliographies_on_Overleaf}
}

@misc{ol:bibliography_management_with_bibtex,
  author       = {Overleaf},
  title        = {Bibliography management with bibtex},
  url          = {https://www.overleaf.com/learn/latex/bibliography_management_with_bibtex}
}

@misc{ww:c_enclipt,
  author       = {trytoprogram.com},
  title        = {C program to encrypt and decrypt the string},
  url          = {http://www.trytoprogram.com/c-examples/c-program-to-encrypt-and-decrypt-string/}
}

@misc{ww:c_tree,
  author       = {Pankaj Prakash},
  title        = {C program to list all files in a directory recursively},
  url          = {https://codeforwin.org/2018/03/c-program-to-list-all-files-in-a-directory-recursively.html}
}

@misc{w:unicode,
  author       = {Wikypedia},
  title        = {Box-drawing character},
  url          = {https://en.wikipedia.org/wiki/Box-drawing_character#Unicode}
}

@misc{w:ftp_commands,
  author       = {Wikypedia},
  title        = {List of FTP commands},
  url          = {https://en.wikipedia.org/wiki/List_of_FTP_commands}
}

@misc{w:ftp_code,
  author       = {Wikipedia},
  title        = {List of FTP server return codes},
  url          = {https://en.wikipedia.org/wiki/List_of_FTP_server_return_codes}
}

@misc{gnu:varmacro,
  author       = {GNU},
  title        = {Variadic Macros},
  url          = {https://gcc.gnu.org/onlinedocs/cpp/Variadic-Macros.html}
}

@misc{man:getpeername,
  author       = {Linux man page},
  title        = {getpeername(3)},
  url          = {https://linux.die.net/man/3/getpeername}
}

@misc{man:revice,
  author       = {Linux manual page},
  title        = {recv(2)},
  url          = {https://man7.org/linux/man-pages/man2/recv.2.html}
}

@misc{man:system,
  author       = {Linux manual page},
  title        = {system(3)},
  url          = {https://man7.org/linux/man-pages/man3/system.3.html}
}

@misc{so:c_remove_dir,
  author       = {StackOverflow},
  title        = {Removing a non empty directory programmatically in C or C++},
  url          = {https://stackoverflow.com/questions/2256945/removing-a-non-empty-directory-programmatically-in-c-or-c}
}

@misc{so:c_file_size,
  author       = {StackOverflow},
  title        = {Get file size in c},
  url          = {https://stackoverflow.com/questions/238603/how-can-i-get-a-files-size-in-c}
}

@misc{so:c_check_file,
  author       = {StackOverflow},
  title        = {Checking if a file is a directory or just a file},
  url          = {https://stackoverflow.com/questions/4553012/checking-if-a-file-is-a-directory-or-just-a-file}
}

@misc{ascii_table,
  author       = {ASCII Table},
  title        = {Extended Ascii code},
  url          = {https://theasciicode.com.ar/extended-ascii-code/box-drawings-single-vertical-line-character-ascii-code-179.html}
}

@misc{ww:tree_cmd,
  author       = {Vivek Gite},
  title        = {Linux see directory tree structure using tree command},
  url          = {https://www.cyberciti.biz/faq/linux-show-directory-structure-command-line/}
}

@misc{ww:c_chdir,
  author       = {Prasoon Mishra},
  title        = {chdir() in C language with Examples},
  url          = {https://www.geeksforgeeks.org/chdir-in-c-language-with-examples/}
}


@misc{gnu_make_s,
  author       = {GNU},
  title        = {Standard and generic ways to silence make},
  url          = {https://www.gnu.org/software/automake/manual/html_node/Tricks-For-Silencing-Make.html}
}

@misc{gnu_cripto,
  author       = {GNU},
  title        = {Bibliography management with bibtex},
  url          = {https://www.gnu.org/software/libc/manual/html_node/Cryptographic-Functions.html}
}

@misc{ww:c_hexa,
  author       = {includehelp},
  title        = {Working with Hexadecimal values in C programming language},
  url          = {https://www.includehelp.com/c/working-with-hexadecimal-values-in-c-programming-language.aspx}
}

@misc{pr:c_file,
  author       = {Programiz},
  title        = {C File Handling},
  url          = {https://www.programiz.com/c-programming/c-file-input-output}
}

@misc{pr:c_tolower,
  author       = {Programiz},
  title        = {C tolower()},
  url          = {https://www.programiz.com/c-programming/library-function/ctype.h/tolower}
}

@misc{ww:c_strtol,
  author       = {techonthenet.com},
  title        = {C Language: strtol function (Convert String to Long Integer)},
  url          = {https://www.techonthenet.com/c_language/standard_library_functions/stdlib_h/strtol.php}
}

@misc{ww:terminal_cmds,
  author       = {Jesus Vigo},
  title        = {16 Terminal commands every user should know},
  url          = {https://www.techrepublic.com/article/16-terminal-commands-every-user-should-know/}
}

@misc{c_cripting,
  author       = {Jace H. Hall},
  title        = {C Implementation of Cryptographic Algorithms},
  url          = {https://www.ti.com/lit/an/slaa547b/slaa547b.pdf?ts=1609271172170}
}

@misc{tt_fflush,
  author       = {tutorialspoint},
  title        = {C library function - fflush()},
  url          = {https://www.tutorialspoint.com/c_standard_library/c_function_fflush.htm}
}

@misc{tt_fread,
  author       = {tutorialspoint},
  title        = {C library function - fread()},
  url          = {https://www.tutorialspoint.com/c_standard_library/c_function_fread.htm}
}

@misc{tt_fseek,
  author       = {tutorialspoint},
  title        = {C library function - fseek()},
  url          = {https://www.tutorialspoint.com/c_standard_library/c_function_fseek.htm}
}

@misc{tt_make,
  author       = {tutorialspoint},
  title        = {make - Unix, Linux Command},
  url          = {https://www.tutorialspoint.com/unix_commands/make.htm}
}

@misc{tt_rename,
  author       = {tutorialspoint},
  title        = {C library function - rename()},
  url          = {https://www.tutorialspoint.com/c_standard_library/c_function_rename.htm}
}

@misc{unicode,
  author       = {unicode.org},
  title        = {The Unicode Standard, Version 13.0},
  url          = {https://www.unicode.org/charts/PDF/U2500.pdf}
}
